@book {MR1322960,
    AUTHOR = {Eisenbud, David},
     TITLE = {Commutative algebra},
    SERIES = {Graduate Texts in Mathematics},
    VOLUME = {150},
      NOTE = {With a view toward algebraic geometry},
 PUBLISHER = {Springer-Verlag, New York},
      YEAR = {1995},
     PAGES = {xvi+785},
      ISBN = {0-387-94268-8; 0-387-94269-6},
   MRCLASS = {13-01 (14A05)},
  MRNUMBER = {1322960},
MRREVIEWER = {Matthew Miller},
       DOI = {10.1007/978-1-4612-5350-1},
       URL = {https://doi.org/10.1007/978-1-4612-5350-1},
}

@misc{1711.02112,
Author = {Andrew Maurer},
Title = {On The Finite Generation Of Relative Cohomology For Lie Superalgebras},
Year = {2017},
Eprint = {arXiv:1711.02112},
}

@article {MR621284,
    AUTHOR = {Jonathan Alperin and Leonard Evens},
     TITLE = {Representations, resolutions and {Q}uillen's dimension
              theorem},
   JOURNAL = {J. Pure Appl. Algebra},
  FJOURNAL = {Journal of Pure and Applied Algebra},
    VOLUME = {22},
      YEAR = {1981},
    NUMBER = {1},
     PAGES = {1--9},
      ISSN = {0022-4049},
   MRCLASS = {20C20 (20J06)},
  MRNUMBER = {621284},
MRREVIEWER = {P. Donovan},
       DOI = {10.1016/0022-4049(81)90079-7},
       URL = {http://dx.doi.org/10.1016/0022-4049(81)90079-7},
}

@article {MR2448087,
    AUTHOR = {Irfan Bagci and Jonathan Kujawa and and Daniel Nakano},
     TITLE = {Cohomology and support varieties for {L}ie superalgebras of
              type {$W(n)$}},
   JOURNAL = {Int. Math. Res. Not. IMRN},
  FJOURNAL = {International Mathematics Research Notices. IMRN},
      YEAR = {2008},
     PAGES = {Art. ID rnn115, 42},
      ISSN = {1073-7928},
   MRCLASS = {17B56},
  MRNUMBER = {2448087},
MRREVIEWER = {Rutwig Campoamor-Stursberg},
       DOI = {10.1093/imrn/rnn115},
       URL = {http://dx.doi.org/10.1093/imrn/rnn115},
}

@inproceedings {Balmer-TTG,
    AUTHOR = {Paul Balmer},
     TITLE = {Tensor triangular geometry},
 BOOKTITLE = {Proceedings of the {I}nternational {C}ongress of
              {M}athematicians. {V}olume {II}},
     PAGES = {85--112},
 PUBLISHER = {Hindustan Book Agency, New Delhi},
      YEAR = {2010},
   MRCLASS = {18E30 (14F05 19G12 55P42)},
  MRNUMBER = {2827786 (2012j:18016)},
MRREVIEWER = {Sunil K. Chebolu},
}

@book {MR2267317,
    AUTHOR = {David Benson},
     TITLE = {Modular representation theory},
    SERIES = {Lecture Notes in Mathematics},
    VOLUME = {1081},
      NOTE = {New trends and methods,
              Second printing of the 1984 original},
 PUBLISHER = {Springer-Verlag, Berlin},
      YEAR = {2006},
     PAGES = {xii+231},
      ISBN = {978-3-540-13389-6; 3-540-13389-5},
   MRCLASS = {20C20 (20-01)},
  MRNUMBER = {2267317},
}

@book {MR1644252,
    AUTHOR = {David Benson},
     TITLE = {Representations and cohomology. {I}},
    SERIES = {Cambridge Studies in Advanced Mathematics},
    VOLUME = {30},
   EDITION = {Second},
      NOTE = {Basic representation theory of finite groups and associative
              algebras},
 PUBLISHER = {Cambridge University Press, Cambridge},
      YEAR = {1998},
     PAGES = {xii+246},
      ISBN = {0-521-63653-1},
   MRCLASS = {20-02 (20Cxx 20J06)},
  MRNUMBER = {1644252},
}
		
@book {MR1634407,
    AUTHOR = {David Benson},
     TITLE = {Representations and cohomology. {II}},
    SERIES = {Cambridge Studies in Advanced Mathematics},
    VOLUME = {31},
   EDITION = {Second},
      NOTE = {Cohomology of groups and modules},
 PUBLISHER = {Cambridge University Press, Cambridge},
      YEAR = {1998},
     PAGES = {xii+279},
      ISBN = {0-521-63652-3},
   MRCLASS = {20-02 (19-02 20Cxx 20Jxx 55-02)},
  MRNUMBER = {1634407},
}

@book {Benson-localcohomology,
    AUTHOR = {David Benson and Srikanth Iyengar and Henning Krause},
     TITLE = {Representations of finite groups: local cohomology and
              support},
    SERIES = {Oberwolfach Seminars},
    VOLUME = {43},
 PUBLISHER = {Birkh\"auser/Springer Basel AG, Basel},
      YEAR = {2012},
     PAGES = {x+105},
      ISBN = {978-3-0348-0259-8},
   MRCLASS = {20J06 (20C20)},
  MRNUMBER = {2951763},
MRREVIEWER = {Nadia P. Mazza},
       DOI = {10.1007/978-3-0348-0260-4},
       URL = {http://dx.doi.org/10.1007/978-3-0348-0260-4},
}

@article {MR2999131,
    AUTHOR = {David Benson and Srikanth Iyengar and Henning Krause},
     TITLE = {Colocalizing subcategories and cosupport},
   JOURNAL = {J. Reine Angew. Math.},
  FJOURNAL = {Journal f\"ur die Reine und Angewandte Mathematik. [Crelle's
              Journal]},
    VOLUME = {673},
      YEAR = {2012},
     PAGES = {161--207},
      ISSN = {0075-4102},
     CODEN = {JRMAA8},
   MRCLASS = {20J06 (13D45 16E35 18E30 20J15)},
  MRNUMBER = {2999131},
MRREVIEWER = {Nadia P. Mazza},
}

@article {BKN-1,
    AUTHOR = {Brian Boe and  Jonathan Kujawa and Daniel Nakano},
     TITLE = {Cohomology and support varieties for {L}ie superalgebras},
   JOURNAL = {Trans. Amer. Math. Soc.},
  FJOURNAL = {Transactions of the American Mathematical Society},
    VOLUME = {362},
      YEAR = {2010},
    NUMBER = {12},
     PAGES = {6551--6590},
      ISSN = {0002-9947},
     CODEN = {TAMTAM},
   MRCLASS = {17B56 (13A50 17B10)},
  MRNUMBER = {2678986 (2011g:17036)},
MRREVIEWER = {Elena Poletaeva},
       DOI = {10.1090/S0002-9947-2010-05096-2},
       URL = {http://dx.doi.org/10.1090/S0002-9947-2010-05096-2},
}

@article {BKN-2,
    AUTHOR = {Brian Boe and Jonathan Kujawa and Daniel Nakano},
     TITLE = {Cohomology and support varieties for {L}ie superalgebras.
              {II}},
   JOURNAL = {Proc. Lond. Math. Soc. (3)},
  FJOURNAL = {Proceedings of the London Mathematical Society. Third Series},
    VOLUME = {98},
      YEAR = {2009},
    NUMBER = {1},
     PAGES = {19--44},
      ISSN = {0024-6115},
   MRCLASS = {17B56 (17B10)},
  MRNUMBER = {2472160 (2009j:17015)},
MRREVIEWER = {Jos{\'e} Carlos Santos},
       DOI = {10.1112/plms/pdn019},
       URL = {http://dx.doi.org/10.1112/plms/pdn019},
}

@article {BKN-complexity-glmn,
    AUTHOR = {Brian Boe and Jonathan Kujawa and Daniel Nakano},
     TITLE = {Complexity for modules over the classical {L}ie superalgebra
              {$\mathfrak{gl}(m\vert n)$}},
   JOURNAL = {Compos. Math.},
  FJOURNAL = {Compositio Mathematica},
    VOLUME = {148},
      YEAR = {2012},
    NUMBER = {5},
     PAGES = {1561--1592},
      ISSN = {0010-437X},
   MRCLASS = {17B56 (17B10)},
  MRNUMBER = {2982440},
MRREVIEWER = {Elena Poletaeva},
       DOI = {10.1112/S0010437X12000231},
       URL = {http://dx.doi.org/10.1112/S0010437X12000231},
}

@article {MR2764876,
    AUTHOR = {Brian Boe and Jonathan Kujawa and Daniel Nakano},
     TITLE = {Complexity and module varieties for classical {L}ie
              superalgebras},
   JOURNAL = {Int. Math. Res. Not. IMRN},
  FJOURNAL = {International Mathematics Research Notices. IMRN},
      YEAR = {2011},
    NUMBER = {3},
     PAGES = {696--724},
      ISSN = {1073-7928},
   MRCLASS = {17B55 (17B10 17B56)},
  MRNUMBER = {2764876},
MRREVIEWER = {Elena Poletaeva},
       DOI = {10.1093/imrn/rnq090},
       URL = {http://dx.doi.org/10.1093/imrn/rnq090},
}

@misc{BKN-TTG,
Author = {Brian Boe and Jonathan Kujawa and Daniel Nakano},
Title = {Tensor Triangular Geometry for Classical Lie Superalgebras},
Year = {2014},
Eprint = {arXiv:1402.3732},
}

@article {MR1310744,
    AUTHOR = {Daniel Brown},
     TITLE = {Relative cohomology of finite groups and polynomial growth},
   JOURNAL = {J. Pure Appl. Algebra},
  FJOURNAL = {Journal of Pure and Applied Algebra},
    VOLUME = {97},
      YEAR = {1994},
    NUMBER = {1},
     PAGES = {1--13},
      ISSN = {0022-4049},
   MRCLASS = {20J06},
  MRNUMBER = {1310744},
MRREVIEWER = {Yining Xia},
       DOI = {10.1016/0022-4049(94)90036-1},
       URL = {http://dx.doi.org/10.1016/0022-4049(94)90036-1},
}

@inproceedings {MR1159220,
    AUTHOR = {Jon Carlson},
     TITLE = {Cohomology and modules over group algebras},
 BOOKTITLE = {Proceedings of the {I}nternational {C}ongress of
              {M}athematicians, {V}ol.\ {I}, {II} ({K}yoto, 1990)},
     PAGES = {317--324},
 PUBLISHER = {Math. Soc. Japan, Tokyo},
      YEAR = {1991},
   MRCLASS = {20J06 (20C20)},
  MRNUMBER = {1159220},
MRREVIEWER = {David Benson},
}

@book {MR796128,
    AUTHOR = {Jon Carlson},
     TITLE = {Module varieties and cohomology rings of finite groups},
    SERIES = {Vorlesungen aus dem Fachbereich Mathematik der Universit\"at
              GH Essen [Lecture Notes in Mathematics at the University of
              Essen]},
    VOLUME = {13},
 PUBLISHER = {Universit\"at Essen, Fachbereich Mathematik, Essen},
      YEAR = {1985},
     PAGES = {iii+91},
   MRCLASS = {20J06 (20C20 20J05)},
  MRNUMBER = {796128},
MRREVIEWER = {C. B. Thomas},
}

@incollection {MR2278928,
    AUTHOR = {Jon Carlson},
     TITLE = {Support varieties for modules},
 BOOKTITLE = {Discovering mathematics with {M}agma},
    SERIES = {Algorithms Comput. Math.},
    VOLUME = {19},
     PAGES = {187--204},
 PUBLISHER = {Springer, Berlin},
      YEAR = {2006},
   MRCLASS = {20J06},
  MRNUMBER = {2278928},
MRREVIEWER = {Ali Reza Ashrafi},
       DOI = {10.1007/978-3-540-37634-7_8},
       URL = {http://dx.doi.org/10.1007/978-3-540-37634-7_8},
}

@article {MR787166,
    AUTHOR = {Jon Carlson},
     TITLE = {The cohomology ring of a module},
   JOURNAL = {J. Pure Appl. Algebra},
  FJOURNAL = {Journal of Pure and Applied Algebra},
    VOLUME = {36},
      YEAR = {1985},
    NUMBER = {2},
     PAGES = {105--121},
      ISSN = {0022-4049},
     CODEN = {JPAAA2},
   MRCLASS = {20J06 (16A26 20C20)},
  MRNUMBER = {787166},
MRREVIEWER = {J. L. Alperin},
       DOI = {10.1016/0022-4049(85)90064-7},
       URL = {http://dx.doi.org/10.1016/0022-4049(85)90064-7},
}

@article {MR723070,
    AUTHOR = {Jon Carlson},
     TITLE = {The varieties and the cohomology ring of a module},
   JOURNAL = {J. Algebra},
  FJOURNAL = {Journal of Algebra},
    VOLUME = {85},
      YEAR = {1983},
    NUMBER = {1},
     PAGES = {104--143},
      ISSN = {0021-8693},
     CODEN = {JALGA4},
   MRCLASS = {20C20 (16A26 20J99)},
  MRNUMBER = {723070},
MRREVIEWER = {I. Reiner},
       DOI = {10.1016/0021-8693(83)90121-7},
       URL = {http://dx.doi.org/10.1016/0021-8693(83)90121-7},
}

@article {MR3233523,
    AUTHOR = {Jon Carlson and Daniel Nakano.},
     TITLE = {On the structure of cohomology rings of {$p$}-nilpotent {L}ie
              algebras},
   JOURNAL = {Transform. Groups},
  FJOURNAL = {Transformation Groups},
    VOLUME = {19},
      YEAR = {2014},
    NUMBER = {3},
     PAGES = {721--734},
      ISSN = {1083-4362},
   MRCLASS = {17B56 (17B30 17B50)},
  MRNUMBER = {3233523},
MRREVIEWER = {Elena Poletaeva},
       DOI = {10.1007/s00031-014-9276-7},
       URL = {http://dx.doi.org/10.1007/s00031-014-9276-7},
}

@book {MR1731415,
    AUTHOR = {Henri Cartan and Samuel Eilenberg},
     TITLE = {Homological algebra},
    SERIES = {Princeton Landmarks in Mathematics},
      NOTE = {With an appendix by David A. Buchsbaum,
              Reprint of the 1956 original},
 PUBLISHER = {Princeton University Press, Princeton, NJ},
      YEAR = {1999},
     PAGES = {xvi+390},
      ISBN = {0-691-04991-2},
   MRCLASS = {18Gxx (01A75)},
  MRNUMBER = {1731415},
}

@book {MR3012224,
    AUTHOR = {Shun-Jen Cheng and Weiqiang Wang},
     TITLE = {Dualities and representations of {L}ie superalgebras},
    SERIES = {Graduate Studies in Mathematics},
    VOLUME = {144},
 PUBLISHER = {American Mathematical Society, Providence, RI},
      YEAR = {2012},
     PAGES = {xviii+302},
      ISBN = {978-0-8218-9118-6},
   MRCLASS = {17B10},
  MRNUMBER = {3012224},
MRREVIEWER = {Aleksandr Nikolaevich Sergeev},
       DOI = {10.1090/gsm/144},
       URL = {http://dx.doi.org/10.1090/gsm/144},
}

@article {MR0401943,
    AUTHOR = {Leo Chouinard},
     TITLE = {Projectivity and relative projectivity over group rings},
   JOURNAL = {J. Pure Appl. Algebra},
  FJOURNAL = {Journal of Pure and Applied Algebra},
    VOLUME = {7},
      YEAR = {1976},
    NUMBER = {3},
     PAGES = {287--302},
      ISSN = {0022-4049},
   MRCLASS = {20J05},
  MRNUMBER = {0401943},
MRREVIEWER = {I. B. S. Passi},
       DOI = {10.1016/0022-4049(76)90055-4},
       URL = {http://dx.doi.org/10.1016/0022-4049(76)90055-4},
}

@article {MR1245719,
    AUTHOR = {Edward Cline and Brian Parshall and Leonard Scott},
     TITLE = {Abstract {K}azhdan-{L}usztig theories},
   JOURNAL = {Tohoku Math. J. (2)},
  FJOURNAL = {The Tohoku Mathematical Journal. Second Series},
    VOLUME = {45},
      YEAR = {1993},
    NUMBER = {4},
     PAGES = {511--534},
      ISSN = {0040-8735},
   MRCLASS = {20G05 (17B10 17B37 20G10)},
  MRNUMBER = {1245719},
MRREVIEWER = {James E. Humphreys},
       DOI = {10.2748/tmj/1178225846},
       URL = {http://dx.doi.org/10.2748/tmj/1178225846},
}

@article {MR0470094,
    AUTHOR = {Edward Cline and Brian Parshall and Leonard Scott},
     TITLE = {Induced modules and affine quotients},
   JOURNAL = {Math. Ann.},
  FJOURNAL = {Mathematische Annalen},
    VOLUME = {230},
      YEAR = {1977},
    NUMBER = {1},
     PAGES = {1--14},
      ISSN = {0025-5831},
   MRCLASS = {20G05},
  MRNUMBER = {0470094},
MRREVIEWER = {Chin-han Sah},
}

@article {MR778464,
    AUTHOR = {Jiri Dadok and Victor Kac},
     TITLE = {Polar representations},
   JOURNAL = {J. Algebra},
  FJOURNAL = {Journal of Algebra},
    VOLUME = {92},
      YEAR = {1985},
    NUMBER = {2},
     PAGES = {504--524},
      ISSN = {0021-8693},
     CODEN = {JALGA4},
   MRCLASS = {14L30 (15A72 20G05 22E45)},
  MRNUMBER = {778464},
MRREVIEWER = {Vladimir L. Popov},
       DOI = {10.1016/0021-8693(85)90136-X},
       URL = {http://dx.doi.org/10.1016/0021-8693(85)90136-X},
}

@misc{Drupieski-Kujawa,
Author = {Christopher M. Drupieski and Jonathan R. Kujawa},
Title = {On support varieties for {L}ie superalgebras and finite supergroup schemes},
Year = {2016},
Eprint = {arXiv:1601.04565},
}

@misc{math/0507198,
Author = {Michel Duflo and Vera Serganova},
Title = {On associated variety for Lie superalgebras},
Year = {2005},
Eprint = {arXiv:math/0507198},
}

@article {Evens-cohomology-ring,
    AUTHOR = {Leonard Evens},
     TITLE = {The cohomology ring of a finite group},
   JOURNAL = {Trans. Amer. Math. Soc.},
  FJOURNAL = {Transactions of the American Mathematical Society},
    VOLUME = {101},
      YEAR = {1961},
     PAGES = {224--239},
      ISSN = {0002-9947},
   MRCLASS = {18.20},
  MRNUMBER = {0137742},
MRREVIEWER = {K. Grant},
}

@article {MR3072282,
    AUTHOR = {Anton Evseev},
     TITLE = {The {M}c{K}ay conjecture and {B}rauer's induction theorem},
   JOURNAL = {Proc. Lond. Math. Soc. (3)},
  FJOURNAL = {Proceedings of the London Mathematical Society. Third Series},
    VOLUME = {106},
      YEAR = {2013},
    NUMBER = {6},
     PAGES = {1248--1290},
      ISSN = {0024-6115},
   MRCLASS = {20C20 (20C15)},
  MRNUMBER = {3072282},
MRREVIEWER = {Tomoyuki Wada},
       DOI = {10.1112/plms/pds058},
       URL = {http://dx.doi.org/10.1112/plms/pds058},
}

@article {MR866773,
    AUTHOR = {Walter Feit},
     TITLE = {{$\~A_5$} and {$\~A_7$} are {G}alois groups over number
              fields},
   JOURNAL = {J. Algebra},
  FJOURNAL = {Journal of Algebra},
    VOLUME = {104},
      YEAR = {1986},
    NUMBER = {2},
     PAGES = {231--260},
      ISSN = {0021-8693},
     CODEN = {JALGA4},
   MRCLASS = {11R32 (12F10)},
  MRNUMBER = {866773},
MRREVIEWER = {B. Heinrich Matzat},
       DOI = {10.1016/0021-8693(86)90213-9},
       URL = {http://dx.doi.org/10.1016/0021-8693(86)90213-9},
}

@book {MR0219636,
    AUTHOR = {Walter Feit},
     TITLE = {Characters of finite groups},
 PUBLISHER = {W. A. Benjamin, Inc., New York-Amsterdam},
      YEAR = {1967},
     PAGES = {viii+186},
   MRCLASS = {20.80},
  MRNUMBER = {0219636},
MRREVIEWER = {I. Reiner},
}

@book {MR661045,
    AUTHOR = {Walter Feit},
     TITLE = {The representation theory of finite groups},
    SERIES = {North-Holland Mathematical Library},
    VOLUME = {25},
 PUBLISHER = {North-Holland Publishing Co., Amsterdam-New York},
      YEAR = {1982},
     PAGES = {xiv+502},
      ISBN = {0-444-86155-6},
   MRCLASS = {20-02 (20C20)},
  MRNUMBER = {661045},
MRREVIEWER = {J. L. Alperin},
}

@article {MR3366480,
    AUTHOR = {Alex Fink and Felipe Rinc{\'o}n},
     TITLE = {Stiefel tropical linear spaces},
   JOURNAL = {J. Combin. Theory Ser. A},
  FJOURNAL = {Journal of Combinatorial Theory. Series A},
    VOLUME = {135},
      YEAR = {2015},
     PAGES = {291--331},
      ISSN = {0097-3165},
   MRCLASS = {14T05 (52B40)},
  MRNUMBER = {3366480},
MRREVIEWER = {Tyler S. Foster},
       DOI = {10.1016/j.jcta.2015.06.001},
       URL = {http://dx.doi.org/10.1016/j.jcta.2015.06.001},
}

@article {FP-unipotent,
    AUTHOR = {Eric Friedlander and Brian Parshall},
     TITLE = {Geometry of {$p$}-unipotent {L}ie algebras},
   JOURNAL = {J. Algebra},
  FJOURNAL = {Journal of Algebra},
    VOLUME = {109},
      YEAR = {1987},
    NUMBER = {1},
     PAGES = {25--45},
      ISSN = {0021-8693},
     CODEN = {JALGA4},
   MRCLASS = {17B56 (17B10 17B45)},
  MRNUMBER = {898334 (89a:17017)},
MRREVIEWER = {James E. Humphreys},
       DOI = {10.1016/0021-8693(87)90161-X},
       URL = {http://dx.doi.org/10.1016/0021-8693(87)90161-X},
}

@article {FP-infinitesimal,
    AUTHOR = {Eric Friedlander and Brian Parshall},
     TITLE = {Cohomology of infinitesimal and discrete groups},
   JOURNAL = {Math. Ann.},
  FJOURNAL = {Mathematische Annalen},
    VOLUME = {273},
      YEAR = {1986},
    NUMBER = {3},
     PAGES = {353--374},
      ISSN = {0025-5831},
     CODEN = {MAANA},
   MRCLASS = {22E41 (20G05 20G10)},
  MRNUMBER = {824427 (87e:22026)},
MRREVIEWER = {Avner Ash},
       DOI = {10.1007/BF01450727},
       URL = {http://dx.doi.org/10.1007/BF01450727},
}

@article {MR970120,
    AUTHOR = {Eric Friedlander and Brian Parshall},
     TITLE = {Modular representation theory of {L}ie algebras},
   JOURNAL = {Amer. J. Math.},
  FJOURNAL = {American Journal of Mathematics},
    VOLUME = {110},
      YEAR = {1988},
    NUMBER = {6},
     PAGES = {1055--1093},
      ISSN = {0002-9327},
     CODEN = {AJMAAN},
   MRCLASS = {17B50 (17B10 17B35 17B56 20G05 20G15)},
  MRNUMBER = {970120},
MRREVIEWER = {Gordon E. Brown},
       DOI = {10.2307/2374686},
       URL = {http://dx.doi.org/10.2307/2374686},
}

@article {MR722727,
    AUTHOR = {Eric Friedlander and Brian Parshall},
     TITLE = {On the cohomology of algebraic and related finite groups},
   JOURNAL = {Invent. Math.},
  FJOURNAL = {Inventiones Mathematicae},
    VOLUME = {74},
      YEAR = {1983},
    NUMBER = {1},
     PAGES = {85--117},
      ISSN = {0020-9910},
     CODEN = {INVMBH},
   MRCLASS = {20G10 (20J06)},
  MRNUMBER = {722727},
MRREVIEWER = {H. H. Andersen},
       DOI = {10.1007/BF01388532},
       URL = {http://dx.doi.org/10.1007/BF01388532},
}

@article {MR860682,
    AUTHOR = {Eric Friedlander and Brian Parshall},
     TITLE = {Support varieties for restricted {L}ie algebras},
   JOURNAL = {Invent. Math.},
  FJOURNAL = {Inventiones Mathematicae},
    VOLUME = {86},
      YEAR = {1986},
    NUMBER = {3},
     PAGES = {553--562},
      ISSN = {0020-9910},
     CODEN = {INVMBH},
   MRCLASS = {17B55 (17B56)},
  MRNUMBER = {860682},
MRREVIEWER = {Roger Carles},
       DOI = {10.1007/BF01389268},
       URL = {http://dx.doi.org/10.1007/BF01389268},
}

@article {MR1427618,
    AUTHOR = {Eric Friedlander and Andrei Suslin},
     TITLE = {Cohomology of finite group schemes over a field},
   JOURNAL = {Invent. Math.},
  FJOURNAL = {Inventiones Mathematicae},
    VOLUME = {127},
      YEAR = {1997},
    NUMBER = {2},
     PAGES = {209--270},
      ISSN = {0020-9910},
   MRCLASS = {14L15 (20C20 20G10)},
  MRNUMBER = {1427618},
MRREVIEWER = {Daniel K. Nakano},
       DOI = {10.1007/s002220050119},
       URL = {http://dx.doi.org/10.1007/s002220050119},
}

@book {MR2791606,
    AUTHOR = {Lei Fu},
     TITLE = {Etale cohomology theory},
    SERIES = {Nankai Tracts in Mathematics},
    VOLUME = {13},
 PUBLISHER = {World Scientific Publishing Co. Pte. Ltd., Hackensack, NJ},
      YEAR = {2011},
     PAGES = {x+611},
      ISBN = {978-981-4307-72-7; 981-4307-72-6},
   MRCLASS = {14F20 (11G25 14F05 14G10 14G15 18F10)},
  MRNUMBER = {2791606},
MRREVIEWER = {Adolfo Quir{\'o}s},
       DOI = {10.1142/9789814307734},
       URL = {http://dx.doi.org/10.1142/9789814307734},
}
		
@book {fuks,
    AUTHOR = {D. B. Fuks},
     TITLE = {Cohomology of infinite-dimensional {L}ie algebras},
    SERIES = {Contemporary Soviet Mathematics},
      NOTE = {Translated from the Russian by A. B. Sosinski{\u\i}},
 PUBLISHER = {Consultants Bureau, New York},
      YEAR = {1986},
     PAGES = {xii+339},
      ISBN = {0-306-10990-5},
   MRCLASS = {17-02 (17B56 17B65)},
  MRNUMBER = {874337},
}

@article{fuks-leites,
  title={Cohomology of {L}ie superalgebras},
  author={D. B. Fuks and D. A. Leites},
  journal={Com. rend. Acad. bulg},
  volume={37},
  pages={1595},
  year={1984}
}

@book {MR1153249,
    AUTHOR = {William Fulton and Joe Harris},
     TITLE = {Representation theory},
    SERIES = {Graduate Texts in Mathematics},
    VOLUME = {129},
      NOTE = {A first course,
              Readings in Mathematics},
 PUBLISHER = {Springer-Verlag, New York},
      YEAR = {1991},
     PAGES = {xvi+551},
      ISBN = {0-387-97527-6; 0-387-97495-4},
   MRCLASS = {20G05 (17B10 20G20 22E46)},
  MRNUMBER = {1153249},
MRREVIEWER = {James E. Humphreys},
       DOI = {10.1007/978-1-4612-0979-9},
       URL = {http://dx.doi.org/10.1007/978-1-4612-0979-9},
}

@book {MR1950475,
    AUTHOR = {Sergei Gelfand and Yuri Manin},
     TITLE = {Methods of homological algebra},
    SERIES = {Springer Monographs in Mathematics},
   EDITION = {Second},
 PUBLISHER = {Springer-Verlag, Berlin},
      YEAR = {2003},
     PAGES = {xx+372},
      ISBN = {3-540-43583-2},
   MRCLASS = {18-02 (18Exx 18Gxx 55U35)},
  MRNUMBER = {1950475},
       DOI = {10.1007/978-3-662-12492-5},
       URL = {http://dx.doi.org/10.1007/978-3-662-12492-5},
}

@article {MR2359048,
    AUTHOR = {Caroline Gruson},
     TITLE = {Sur les repr\'esentations de dimension finie de la super
              alg\`ebre de {L}ie {$\mathfrak{gl}(m,n)$} (d'apr\`es {S}erganova)},
      NOTE = {S{\'e}minaire Bourbaki. Vol. 2005/2006},
   JOURNAL = {Ast\'erisque},
  FJOURNAL = {Ast\'erisque},
    NUMBER = {311},
      YEAR = {2007},
     PAGES = {Exp. No. 963, ix, 321--340},
      ISSN = {0303-1179},
      ISBN = {978-2-85629-230-3},
   MRCLASS = {17B10},
  MRNUMBER = {2359048},
MRREVIEWER = {Jos{\'e} Carlos Santos},
}

@article {MR1450424,
    AUTHOR = {Caroline Gruson},
     TITLE = {Finitude de l'homologie de certains modules de dimension finie
              sur une super alg\`ebre de {L}ie},
   JOURNAL = {Ann. Inst. Fourier (Grenoble)},
  FJOURNAL = {Universit\'e de Grenoble. Annales de l'Institut Fourier},
    VOLUME = {47},
      YEAR = {1997},
    NUMBER = {2},
     PAGES = {531--553},
      ISSN = {0373-0956},
   MRCLASS = {17B55 (17B56)},
  MRNUMBER = {1450424},
MRREVIEWER = {Elena Poletaeva},
       URL = {http://www.numdam.org/item?id=AIF_1997__47_2_531_0},
}

@book {hartshorne,
    AUTHOR = {Robin Hartshorne},
     TITLE = {Algebraic geometry},
      NOTE = {Graduate Texts in Mathematics, No. 52},
 PUBLISHER = {Springer-Verlag, New York-Heidelberg},
      YEAR = {1977},
     PAGES = {xvi+496},
      ISBN = {0-387-90244-9},
   MRCLASS = {14-01},
  MRNUMBER = {0463157},
MRREVIEWER = {Robert Speiser},
}

@book {MR2722294,
    AUTHOR = {Hastie, Trevor and Tibshirani, Robert and Friedman, Jerome},
     TITLE = {The elements of statistical learning},
    SERIES = {Springer Series in Statistics},
   EDITION = {Second},
      NOTE = {Data mining, inference, and prediction},
 PUBLISHER = {Springer, New York},
      YEAR = {2009},
     PAGES = {xxii+745},
      ISBN = {978-0-387-84857-0},
   MRCLASS = {62Gxx (62-09 62H25 62H30 62J07 68T05)},
  MRNUMBER = {2722294},
MRREVIEWER = {Gilles Blanchard},
       DOI = {10.1007/978-0-387-84858-7},
       URL = {http://dx.doi.org/10.1007/978-0-387-84858-7},
}

@article {Hochschild-restricted,
    AUTHOR = {Gerhard Hochschild},
     TITLE = {Cohomology of restricted {L}ie algebras},
   JOURNAL = {Amer. J. Math.},
  FJOURNAL = {American Journal of Mathematics},
    VOLUME = {76},
      YEAR = {1954},
     PAGES = {555--580},
      ISSN = {0002-9327},
   MRCLASS = {09.1X},
  MRNUMBER = {0063361 (16,109a)},
MRREVIEWER = {C. Chevalley},
}

@article {MR0100015,
    AUTHOR = {Gerhard Hochschild},
     TITLE = {Note on relative homological dimension},
   JOURNAL = {Nagoya Math. J.},
  FJOURNAL = {Nagoya Mathematical Journal},
    VOLUME = {13},
      YEAR = {1958},
     PAGES = {89--94},
      ISSN = {0027-7630},
   MRCLASS = {18.00},
  MRNUMBER = {0100015},
MRREVIEWER = {D. Buchsbaum},
}

@article {MR0011076,
    AUTHOR = {Gerhard Hochschild},
     TITLE = {On the cohomology groups of an associative algebra},
   JOURNAL = {Ann. of Math. (2)},
  FJOURNAL = {Annals of Mathematics. Second Series},
    VOLUME = {46},
      YEAR = {1945},
     PAGES = {58--67},
      ISSN = {0003-486X},
   MRCLASS = {09.1X},
  MRNUMBER = {0011076},
MRREVIEWER = {R. Baer},
}

@article {hochschild,
    AUTHOR = {Gerhard Hochschild},
     TITLE = {Relative homological algebra},
   JOURNAL = {Trans. Amer. Math. Soc.},
  FJOURNAL = {Transactions of the American Mathematical Society},
    VOLUME = {82},
      YEAR = {1956},
     PAGES = {246--269},
      ISSN = {0002-9947},
   MRCLASS = {18.0X},
  MRNUMBER = {0080654},
MRREVIEWER = {H. Cartan},
}

@article {MR0066361,
    AUTHOR = {Gerhard Hochschild},
     TITLE = {Representations of restricted {L}ie algebras of characteristic
              {$p$}},
   JOURNAL = {Proc. Amer. Math. Soc.},
  FJOURNAL = {Proceedings of the American Mathematical Society},
    VOLUME = {5},
      YEAR = {1954},
     PAGES = {603--605},
      ISSN = {0002-9939},
   MRCLASS = {09.1X},
  MRNUMBER = {0066361},
MRREVIEWER = {W. G. Lister},
}
		
@article {MR0072428,
    AUTHOR = {Gerhard Hochschild},
     TITLE = {Restricted {L}ie algebras and simple associative algebras of
              characteristic {$p$}},
   JOURNAL = {Trans. Amer. Math. Soc.},
  FJOURNAL = {Transactions of the American Mathematical Society},
    VOLUME = {80},
      YEAR = {1955},
     PAGES = {135--147},
      ISSN = {0002-9947},
   MRCLASS = {17.0X},
  MRNUMBER = {0072428},
MRREVIEWER = {J. Dieudonn{\'e}},
}

@article {HS-group-extensions,
    AUTHOR = {Gerhard Hochschild and Jean-Pierre Serre},
     TITLE = {Cohomology of group extensions},
   JOURNAL = {Trans. Amer. Math. Soc.},
  FJOURNAL = {Transactions of the American Mathematical Society},
    VOLUME = {74},
      YEAR = {1953},
     PAGES = {110--134},
      ISSN = {0002-9947},
   MRCLASS = {20.0X},
  MRNUMBER = {0052438},
MRREVIEWER = {H. Cartan},
}

@article {HS-53,
    AUTHOR = {Gerhard Hochschild and Jean-Pierre Serre},
     TITLE = {Cohomology of {L}ie algebras},
   JOURNAL = {Ann. of Math. (2)},
  FJOURNAL = {Annals of Mathematics. Second Series},
    VOLUME = {57},
      YEAR = {1953},
     PAGES = {591--603},
      ISSN = {0003-486X},
   MRCLASS = {09.1X},
  MRNUMBER = {0054581 (14,943c)},
MRREVIEWER = {C. Chevalley},
}

@article {MR0347810,
    AUTHOR = {Melvin Hochster and Joel Roberts},
     TITLE = {Rings of invariants of reductive groups acting on regular
              rings are {C}ohen-{M}acaulay},
   JOURNAL = {Advances in Math.},
  FJOURNAL = {Advances in Mathematics},
    VOLUME = {13},
      YEAR = {1974},
     PAGES = {115--175},
      ISSN = {0001-8708},
   MRCLASS = {13H10 (14M15)},
  MRNUMBER = {0347810},
MRREVIEWER = {M. Nagata},
}

@book {MR499562,
    AUTHOR = {James Humphreys},
     TITLE = {Introduction to {L}ie algebras and representation theory},
    SERIES = {Graduate Texts in Mathematics},
    VOLUME = {9},
      NOTE = {Second printing, revised},
 PUBLISHER = {Springer-Verlag, New York-Berlin},
      YEAR = {1978},
     PAGES = {xii+171},
      ISBN = {0-387-90053-5},
   MRCLASS = {17Bxx},
  MRNUMBER = {499562},
MRREVIEWER = {I. P. Shestakov},
}

@book {MR0396773,
    AUTHOR = {James Humphreys},
     TITLE = {Linear algebraic groups},
      NOTE = {Graduate Texts in Mathematics, No. 21},
 PUBLISHER = {Springer-Verlag, New York-Heidelberg},
      YEAR = {1975},
     PAGES = {xiv+247},
   MRCLASS = {20GXX (14LXX)},
  MRNUMBER = {0396773},
MRREVIEWER = {T. Ono},
}

@book {MR2199819,
    AUTHOR = {James Humphreys},
     TITLE = {Modular representations of finite groups of {L}ie type},
    SERIES = {London Mathematical Society Lecture Note Series},
    VOLUME = {326},
 PUBLISHER = {Cambridge University Press, Cambridge},
      YEAR = {2006},
     PAGES = {xvi+233},
      ISBN = {978-0-521-67454-6; 0-521-67454-9},
   MRCLASS = {20C33 (20G40)},
  MRNUMBER = {2199819},
MRREVIEWER = {George J. McNinch},
}

@book {MR2428237,
    AUTHOR = {James Humphreys},
     TITLE = {Representations of semisimple {L}ie algebras in the {BGG}
              category {$\mathcal{O}$}},
    SERIES = {Graduate Studies in Mathematics},
    VOLUME = {94},
 PUBLISHER = {American Mathematical Society, Providence, RI},
      YEAR = {2008},
     PAGES = {xvi+289},
      ISBN = {978-0-8218-4678-0},
   MRCLASS = {17B10},
  MRNUMBER = {2428237},
MRREVIEWER = {Serge M. Skryabin},
       DOI = {10.1090/gsm/094},
       URL = {http://dx.doi.org/10.1090/gsm/094},
}

@book {MR2426855,
    AUTHOR = {Martin Isaacs},
     TITLE = {Finite group theory},
    SERIES = {Graduate Studies in Mathematics},
    VOLUME = {92},
 PUBLISHER = {American Mathematical Society, Providence, RI},
      YEAR = {2008},
     PAGES = {xii+350},
      ISBN = {978-0-8218-4344-4},
   MRCLASS = {20Dxx (20-01)},
  MRNUMBER = {2426855},
MRREVIEWER = {Ronald Solomon},
       DOI = {10.1090/gsm/092},
       URL = {http://dx.doi.org/10.1090/gsm/092},
}

@book {MR3100153,
    AUTHOR = {James, Gareth and Witten, Daniela and Hastie, Trevor and
              Tibshirani, Robert},
     TITLE = {An introduction to statistical learning},
    SERIES = {Springer Texts in Statistics},
    VOLUME = {103},
      NOTE = {With applications in R},
 PUBLISHER = {Springer, New York},
      YEAR = {2013},
     PAGES = {xiv+426},
      ISBN = {978-1-4614-7137-0; 978-1-4614-7138-7},
   MRCLASS = {62-01 (62H30 62Jxx)},
  MRNUMBER = {3100153},
MRREVIEWER = {Pierre Alquier},
       DOI = {10.1007/978-1-4614-7138-7},
       URL = {http://dx.doi.org/10.1007/978-1-4614-7138-7},
}

@incollection {MR1714152,
    AUTHOR = {Jens Carsten Jantzen},
     TITLE = {Introduction to quantum groups},
 BOOKTITLE = {Representations of reductive groups},
    SERIES = {Publ. Newton Inst.},
     PAGES = {105--127},
 PUBLISHER = {Cambridge Univ. Press, Cambridge},
      YEAR = {1998},
   MRCLASS = {17B37 (17-02 81R50)},
  MRNUMBER = {1714152},
MRREVIEWER = {Fabio Gavarini},
       DOI = {10.1017/CBO9780511600623.007},
       URL = {http://dx.doi.org/10.1017/CBO9780511600623.007},
}

@book {MR1359532,
    AUTHOR = {Jens Carsten Jantzen},
     TITLE = {Lectures on quantum groups},
    SERIES = {Graduate Studies in Mathematics},
    VOLUME = {6},
 PUBLISHER = {American Mathematical Society, Providence, RI},
      YEAR = {1996},
     PAGES = {viii+266},
      ISBN = {0-8218-0478-2},
   MRCLASS = {17B37 (16W30)},
  MRNUMBER = {1359532},
MRREVIEWER = {Arun Ram},
}

@book {MR2015057,
    AUTHOR = {Jens Carsten Jantzen},
     TITLE = {Representations of algebraic groups},
    SERIES = {Mathematical Surveys and Monographs},
    VOLUME = {107},
   EDITION = {Second},
 PUBLISHER = {American Mathematical Society, Providence, RI},
      YEAR = {2003},
     PAGES = {xiv+576},
      ISBN = {0-8218-3527-0},
   MRCLASS = {20G05 (17B10)},
  MRNUMBER = {2015057},
}

@incollection {MR911136,
    AUTHOR = {Jens Carsten Jantzen},
     TITLE = {Restricted {L}ie algebra cohomology},
 BOOKTITLE = {Algebraic groups {U}trecht 1986},
    SERIES = {Lecture Notes in Math.},
    VOLUME = {1271},
     PAGES = {91--108},
 PUBLISHER = {Springer, Berlin},
      YEAR = {1987},
   MRCLASS = {17B56 (17B10 17B50 20G05 20G10)},
  MRNUMBER = {911136},
MRREVIEWER = {J. S. Joel},
       DOI = {10.1007/BFb0079234},
       URL = {http://dx.doi.org/10.1007/BFb0079234},
}

@article {kac,
    AUTHOR = {Victor Kac},
     TITLE = {Lie superalgebras},
   JOURNAL = {Advances in Math.},
  FJOURNAL = {Advances in Mathematics},
    VOLUME = {26},
      YEAR = {1977},
    NUMBER = {1},
     PAGES = {8--96},
      ISSN = {0001-8708},
   MRCLASS = {17B10 (17B65)},
  MRNUMBER = {0486011 (58 \#5803)},
MRREVIEWER = {H. de Vries},
}

@incollection {MR1327543,
    AUTHOR = {Victor Kac and Minoru Wakimoto},
     TITLE = {Integrable highest weight modules over affine superalgebras
              and number theory},
 BOOKTITLE = {Lie theory and geometry},
    SERIES = {Progr. Math.},
    VOLUME = {123},
     PAGES = {415--456},
 PUBLISHER = {Birkh\"auser Boston, Boston, MA},
      YEAR = {1994},
   MRCLASS = {11F22 (17B10)},
  MRNUMBER = {1327543},
MRREVIEWER = {Jun'ichi Shiraishi},
       DOI = {10.1007/978-1-4612-0261-5_15},
       URL = {http://dx.doi.org/10.1007/978-1-4612-0261-5_15},
}

@book {MR1855066,
    AUTHOR = {Reinhardt Kiehl and Rainer Weissauer},
     TITLE = {Weil conjectures, perverse sheaves and {$l$}'adic {F}ourier
              transform},
    SERIES = {Ergebnisse der Mathematik und ihrer Grenzgebiete. 3. Folge. A
              Series of Modern Surveys in Mathematics [Results in
              Mathematics and Related Areas. 3rd Series. A Series of Modern
              Surveys in Mathematics]},
    VOLUME = {42},
 PUBLISHER = {Springer-Verlag, Berlin},
      YEAR = {2001},
     PAGES = {xii+375},
      ISBN = {3-540-41457-6},
   MRCLASS = {14F20 (11G25 18E30 20G05)},
  MRNUMBER = {1855066},
MRREVIEWER = {James Milne},
       DOI = {10.1007/978-3-662-04576-3},
       URL = {http://dx.doi.org/10.1007/978-3-662-04576-3},
}

@book {MR3112259,
    AUTHOR = {Achim Klenke},
     TITLE = {Probability theory},
    SERIES = {Universitext},
   EDITION = {Second},
   EDITION = {German},
      NOTE = {A comprehensive course},
 PUBLISHER = {Springer, London},
      YEAR = {2014},
     PAGES = {xii+638},
      ISBN = {978-1-4471-5360-3; 978-1-4471-5361-0},
   MRCLASS = {60-01 (60Fxx 60Gxx 60H10 60Jxx)},
  MRNUMBER = {3112259},
       DOI = {10.1007/978-1-4471-5361-0},
       URL = {http://dx.doi.org/10.1007/978-1-4471-5361-0},
}

@book {MR1923198,
    AUTHOR = {Shrawan Kumar},
     TITLE = {Kac-{M}oody groups, their flag varieties and representation
              theory},
    SERIES = {Progress in Mathematics},
    VOLUME = {204},
 PUBLISHER = {Birkh\"auser Boston, Inc., Boston, MA},
      YEAR = {2002},
     PAGES = {xvi+606},
      ISBN = {0-8176-4227-7},
   MRCLASS = {22E46 (14M15 17B67 22E65)},
  MRNUMBER = {1923198},
MRREVIEWER = {Guy Rousseau},
       DOI = {10.1007/978-1-4612-0105-2},
       URL = {http://dx.doi.org/10.1007/978-1-4612-0105-2},
}

@book {MR1878556,
    AUTHOR = {Serve Lang},
     TITLE = {Algebra},
    SERIES = {Graduate Texts in Mathematics},
    VOLUME = {211},
   EDITION = {third},
 PUBLISHER = {Springer-Verlag, New York},
      YEAR = {2002},
     PAGES = {xvi+914},
      ISBN = {0-387-95385-X},
   MRCLASS = {00A05 (15-02)},
  MRNUMBER = {1878556},
       DOI = {10.1007/978-1-4613-0041-0},
       URL = {http://dx.doi.org/10.1007/978-1-4613-0041-0},
}

@article {MR2836115,
    AUTHOR = {Gustav Lehrer and Daniel Nakano and Ruibin Zhang},
     TITLE = {Detecting cohomology for {L}ie superalgebras},
   JOURNAL = {Adv. Math.},
  FJOURNAL = {Advances in Mathematics},
    VOLUME = {228},
      YEAR = {2011},
    NUMBER = {4},
     PAGES = {2098--2115},
      ISSN = {0001-8708},
   MRCLASS = {17B56 (13A50 17B10)},
  MRNUMBER = {2836115},
MRREVIEWER = {Elena Poletaeva},
       URL = {https://doi.org/10.1016/j.aim.2011.06.033},
}

@article {LR-Chavalley,
    AUTHOR = {D. Luna and Roger Richardson},
     TITLE = {A generalization of the {C}hevalley restriction theorem},
   JOURNAL = {Duke Math. J.},
  FJOURNAL = {Duke Mathematical Journal},
    VOLUME = {46},
      YEAR = {1979},
    NUMBER = {3},
     PAGES = {487--496},
      ISSN = {0012-7094},
     CODEN = {DUMJAO},
   MRCLASS = {14L30 (15A72)},
  MRNUMBER = {544240},
MRREVIEWER = {Wim H. Hesselink},
       URL = {http://projecteuclid.org/euclid.dmj/1077313569},
}

@article {MR996175,
    AUTHOR = {Mark Muzere},
     TITLE = {Relative {L}ie algebra cohomology},
   JOURNAL = {J. Pure Appl. Algebra},
  FJOURNAL = {Journal of Pure and Applied Algebra},
    VOLUME = {58},
      YEAR = {1989},
    NUMBER = {1},
     PAGES = {77--91},
      ISSN = {0022-4049},
     CODEN = {JPAAA2},
   MRCLASS = {17B56},
  MRNUMBER = {996175},
MRREVIEWER = {Marie-Paule Malliavin},
       DOI = {10.1016/0022-4049(89)90053-4},
       URL = {http://dx.doi.org/10.1016/0022-4049(89)90053-4},
}

@article {MR1000161,
    AUTHOR = {Mark Muzere},
     TITLE = {Relative {L}ie algebra cohomology revisited},
   JOURNAL = {Proc. Amer. Math. Soc.},
  FJOURNAL = {Proceedings of the American Mathematical Society},
    VOLUME = {108},
      YEAR = {1990},
    NUMBER = {3},
     PAGES = {665--671},
      ISSN = {0002-9939},
     CODEN = {PAMYAR},
   MRCLASS = {17B56},
  MRNUMBER = {1000161},
MRREVIEWER = {Marie-Paule Malliavin},
       DOI = {10.2307/2047786},
       URL = {http://dx.doi.org/10.2307/2047786},
}

@article {MR1900135,
    AUTHOR = {Daniel Nakano and Brian Parshall and David Vella},
     TITLE = {Support varieties for algebraic groups},
   JOURNAL = {J. Reine Angew. Math.},
  FJOURNAL = {Journal f\"ur die Reine und Angewandte Mathematik. [Crelle's
              Journal]},
    VOLUME = {547},
      YEAR = {2002},
     PAGES = {15--49},
      ISSN = {0075-4102},
   MRCLASS = {20G10 (14L15)},
  MRNUMBER = {1900135},
MRREVIEWER = {Dmitriy A. Rumynin},
       DOI = {10.1515/crll.2002.049},
       URL = {http://dx.doi.org/10.1515/crll.2002.049},
}

@article {MR0298694,
    AUTHOR = {Daniel Quillen},
     TITLE = {The spectrum of an equivariant cohomology ring. {I}, {II}},
   JOURNAL = {Ann. of Math. (2)},
  FJOURNAL = {Annals of Mathematics. Second Series},
    VOLUME = {94},
      YEAR = {1971},
     PAGES = {549--572; ibid. (2) 94 (1971), 573--602},
      ISSN = {0003-486X},
   MRCLASS = {57F10 (20J05 57D85)},
  MRNUMBER = {0298694},
MRREVIEWER = {Larry Smith},
}

@book {MR2455920,
    AUTHOR = {Joseph Rotman},
     TITLE = {An introduction to homological algebra},
    SERIES = {Universitext},
   EDITION = {Second},
 PUBLISHER = {Springer, New York},
      YEAR = {2009},
     PAGES = {xiv+709},
      ISBN = {978-0-387-24527-0},
   MRCLASS = {18Gxx (13Dxx 16Exx 18-01 20J06)},
  MRNUMBER = {2455920},
MRREVIEWER = {Fernando Muro},
       DOI = {10.1007/b98977},
       URL = {http://dx.doi.org/10.1007/b98977},
}

@article {MR1643330,
    AUTHOR = {Scheunert, M. and Zhang, R. B.},
     TITLE = {Cohomology of {L}ie superalgebras and their generalizations},
   JOURNAL = {J. Math. Phys.},
  FJOURNAL = {Journal of Mathematical Physics},
    VOLUME = {39},
      YEAR = {1998},
    NUMBER = {9},
     PAGES = {5024--5061},
      ISSN = {0022-2488},
     CODEN = {JMAPAQ},
   MRCLASS = {17B56},
  MRNUMBER = {1643330},
MRREVIEWER = {Elena Poletaeva},
       DOI = {10.1063/1.532508},
       URL = {http://dx.doi.org/10.1063/1.532508},
}

@article {TLS,
    AUTHOR = {David Speyer},
     TITLE = {Tropical linear spaces},
   JOURNAL = {SIAM J. Discrete Math.},
  FJOURNAL = {SIAM Journal on Discrete Mathematics},
    VOLUME = {22},
      YEAR = {2008},
    NUMBER = {4},
     PAGES = {1527--1558},
      ISSN = {0895-4801},
   MRCLASS = {52B40},
  MRNUMBER = {2448909 (2009m:52023)},
       DOI = {10.1137/080716219},
       URL = {http://dx.doi.org/10.1137/080716219},
}

@article {TG,
    AUTHOR = {David Speyer and Bernd Sturmfels},
     TITLE = {The tropical {G}rassmannian},
   JOURNAL = {Adv. Geom.},
  FJOURNAL = {Advances in Geometry},
    VOLUME = {4},
      YEAR = {2004},
    NUMBER = {3},
     PAGES = {389--411},
      ISSN = {1615-715X},
     CODEN = {AGDEA3},
   MRCLASS = {14P99 (13J30 14M25)},
  MRNUMBER = {2071813 (2005d:14089)},
MRREVIEWER = {Meirav Amram-Blei},
       DOI = {10.1515/advg.2004.023},
       URL = {http://dx.doi.org/10.1515/advg.2004.023},
}


@book {MR2667486,
    AUTHOR = {Bernd Sturmfels},
     TITLE = {Algorithms in invariant theory},
    SERIES = {Texts and Monographs in Symbolic Computation},
   EDITION = {Second},
 PUBLISHER = {SpringerWienNewYork, Vienna},
      YEAR = {2008},
     PAGES = {vi+197},
      ISBN = {978-3-211-77416-8},
   MRCLASS = {13A50 (13P10 20G05)},
  MRNUMBER = {2667486},
}

@book {MR1317816,
    AUTHOR = {G{\"u}nter Tamme},
     TITLE = {Introduction to \'etale cohomology},
    SERIES = {Universitext},
      NOTE = {Translated from the German by Manfred Kolster},
 PUBLISHER = {Springer-Verlag, Berlin},
      YEAR = {1994},
     PAGES = {x+186},
      ISBN = {3-540-57116-7},
   MRCLASS = {14F20},
  MRNUMBER = {1317816},
       DOI = {10.1007/978-3-642-78421-7},
       URL = {http://dx.doi.org/10.1007/978-3-642-78421-7},
}

@book {varadarajan,
    AUTHOR = {Varadarajan, V. S.},
     TITLE = {Supersymmetry for mathematicians: an introduction},
    SERIES = {Courant Lecture Notes in Mathematics},
    VOLUME = {11},
 PUBLISHER = {New York University, Courant Institute of Mathematical
              Sciences, New York; American Mathematical Society, Providence,
              RI},
     PAGES = {viii+300},
      ISBN = {0-8218-3574-2},
   MRCLASS = {58A50 (16W55 17B10 22E99 58C50 81-01 81R20)},
  MRNUMBER = {2069561},
MRREVIEWER = {Ben Lewis Cox},
       DOI = {10.1090/cln/011},
       URL = {https://doi.org/10.1090/cln/011},
}

@article {MR0108788,
    AUTHOR = {Boris Venkov},
     TITLE = {Cohomology algebras for some classifying spaces},
   JOURNAL = {Dokl. Akad. Nauk SSSR},
  FJOURNAL = {Doklady Akademii Nauk SSSR},
    VOLUME = {127},
      YEAR = {1959},
     PAGES = {943--944},
      ISSN = {0002-3264},
   MRCLASS = {55.00 (22.00)},
  MRNUMBER = {0108788},
MRREVIEWER = {P. J. Hilton},
}

@book {MR0352221,
    AUTHOR = {Verona, Andrei},
     TITLE = {Introducere \^\i n coomologia algebrelor {L}ie},
      NOTE = {With a French summary and table of contents},
 PUBLISHER = {Editura Academiei Republicii Socialiste Rom\^ania, Bucharest},
      YEAR = {1974},
     PAGES = {285},
   MRCLASS = {18H25},
  MRNUMBER = {0352221},
MRREVIEWER = {C. Nita},
}

@book {MR1269324,
    AUTHOR = {Weibel, Charles A.},
     TITLE = {An introduction to homological algebra},
    SERIES = {Cambridge Studies in Advanced Mathematics},
    VOLUME = {38},
 PUBLISHER = {Cambridge University Press, Cambridge},
      YEAR = {1994},
     PAGES = {xiv+450},
      ISBN = {0-521-43500-5; 0-521-55987-1},
   MRCLASS = {18-01 (16-01 17-01 20-01 55Uxx)},
  MRNUMBER = {1269324},
MRREVIEWER = {Kenneth A. Brown},
       DOI = {10.1017/CBO9781139644136},
       URL = {http://dx.doi.org/10.1017/CBO9781139644136},
}

@book {MR3076731,
    AUTHOR = {Weibel, Charles A.},
     TITLE = {The {$K$}-book},
    SERIES = {Graduate Studies in Mathematics},
    VOLUME = {145},
      NOTE = {An introduction to algebraic $K$-theory},
 PUBLISHER = {American Mathematical Society, Providence, RI},
      YEAR = {2013},
     PAGES = {xii+618},
      ISBN = {978-0-8218-9132-2},
   MRCLASS = {19-01},
  MRNUMBER = {3076731},
MRREVIEWER = {L. N. Vaserstein},
}





















































